<record><leader>00000cas a22000007a 4500</leader><controlfield tag="001">19522656</controlfield><controlfield tag="008">890407d18uu18uumsucr ne      0    0eng d</controlfield><datafield ind1=" " ind2=" " tag="010"><subfield code="a">sn 89065037 </subfield></datafield><datafield ind1=" " ind2=" " tag="040"><subfield code="a">MSJ</subfield><subfield code="b">eng</subfield><subfield code="c">MSJ</subfield><subfield code="d">OCLCQ</subfield></datafield><datafield ind1=" " ind2=" " tag="042"><subfield code="a">msc</subfield></datafield><datafield ind1="0" ind2="0" tag="245"><subfield code="a">Hattiesburg progress.</subfield></datafield><datafield ind1=" " ind2=" " tag="260"><subfield code="a">Hattiesburg, Miss. :</subfield><subfield code="b">W.H. Seitzler</subfield></datafield><datafield ind1=" " ind2=" " tag="300"><subfield code="a">v.</subfield></datafield><datafield ind1=" " ind2=" " tag="310"><subfield code="a">Semiweekly</subfield></datafield><datafield ind1=" " ind2=" " tag="588"><subfield code="a">Description based on: Vol. 7, no. 47 (Apr. 20, 1897).</subfield></datafield><datafield ind1=" " ind2=" " tag="752"><subfield code="a">United States</subfield><subfield code="b">Mississippi</subfield><subfield code="c">Forrest</subfield><subfield code="d">Hattiesburg.</subfield></datafield></record>